@article{RonnebergerFB15,
  author    = {Olaf Ronneberger and
               Philipp Fischer and
               Thomas Brox},
  title     = {U-Net: Convolutional Networks for Biomedical Image Segmentation},
  journal   = {CoRR},
  volume    = {abs/1505.04597},
  year      = {2015},
  url       = {http://arxiv.org/abs/1505.04597},
  archivePrefix = {arXiv},
  eprint    = {1505.04597},
  timestamp = {Mon, 13 Aug 2018 16:46:52 +0200},
  biburl    = {https://dblp.org/rec/bib/journals/corr/RonnebergerFB15},
  bibsource = {dblp computer science bibliography, https://dblp.org}
}

@article{BUDA2019218,
title = "Association of genomic subtypes of lower-grade gliomas with shape features automatically extracted by a deep learning algorithm",
journal = "Computers in Biology and Medicine",
volume = "109",
pages = "218 - 225",
year = "2019",
issn = "0010-4825",
doi = "https://doi.org/10.1016/j.compbiomed.2019.05.002",
url = "http://www.sciencedirect.com/science/article/pii/S0010482519301520",
author = "Mateusz Buda and Ashirbani Saha and Maciej A. Mazurowski",
keywords = "Deep learning, Brain segmentation, Radiogenomics, MRI, LGG"
}

