@article{MikolovSCCD13,
  author    = {Tomas Mikolov and
               Ilya Sutskever and
               Kai Chen and
               Greg Corrado and
               Jeffrey Dean},
  title     = {Distributed Representations of Words and Phrases and their Compositionality},
  journal   = {CoRR},
  volume    = {abs/1310.4546},
  year      = {2013},
  url       = {http://arxiv.org/abs/1310.4546},
  archivePrefix = {arXiv},
  eprint    = {1310.4546},
  timestamp = {Mon, 13 Aug 2018 16:47:09 +0200},
  biburl    = {https://dblp.org/rec/bib/journals/corr/MikolovSCCD13},
  bibsource = {dblp computer science bibliography, https://dblp.org}
}

@article{GuoB16,
  author    = {Cheng Guo and
               Felix Berkhahn},
  title     = {Entity Embeddings of Categorical Variables},
  journal   = {CoRR},
  volume    = {abs/1604.06737},
  year      = {2016},
  url       = {http://arxiv.org/abs/1604.06737},
  archivePrefix = {arXiv},
  eprint    = {1604.06737},
  timestamp = {Mon, 13 Aug 2018 16:49:04 +0200},
  biburl    = {https://dblp.org/rec/bib/journals/corr/GuoB16},
  bibsource = {dblp computer science bibliography, https://dblp.org}
}
