@inproceedings{IttiB05,
  author    = {Laurent Itti and
               Pierre Baldi},
  title     = {Bayesian Surprise Attracts Human Attention},
  booktitle = {Advances in Neural Information Processing Systems 18 [Neural Information
               Processing Systems, {NIPS} 2005, December 5-8, 2005, Vancouver, British
               Columbia, Canada]},
  pages     = {547--554},
  year      = {2005},
  url       = {http://papers.nips.cc/paper/2822-bayesian-surprise-attracts-human-attention},
  timestamp = {Thu, 11 Dec 2014 17:34:08 +0100},
  biburl    = {https://dblp.org/rec/bib/conf/nips/IttiB05},
  bibsource = {dblp computer science bibliography, https://dblp.org}
}

@article{DeDeo_2016vy,
author = {DeDeo, Simon},
title = {Information Theory for Intelligent People},
year = {2016}
}

@article{abs-1103-5708,
  author    = {Yi Sun and
               Faustino J. Gomez and
               Juergen Schmidhuber},
  title     = {Planning to Be Surprised: Optimal Bayesian Exploration in Dynamic
               Environments},
  journal   = {CoRR},
  volume    = {abs/1103.5708},
  year      = {2011},
  url       = {http://arxiv.org/abs/1103.5708},
  archivePrefix = {arXiv},
  eprint    = {1103.5708},
  timestamp = {Mon, 13 Aug 2018 16:46:44 +0200},
  biburl    = {https://dblp.org/rec/bib/journals/corr/abs-1103-5708},
  bibsource = {dblp computer science bibliography, https://dblp.org}
}

@inproceedings{Zanardo2017HOWTM,
  title={HOW TO MEASURE DISAGREEMENT ?},
  author={Enrico Zanardo},
  year={2017}
}

@book{Murphy-2012,
    title={Machine Learning: A Probabilistic Perspective},
    author={Kevin Murphy},
    publisher={MIT Press},
    year={2012}
}

@article{friston,
author = {Friston, Karl},
year = {2010},
month = {02},
pages = {127-38},
title = {Friston, K.J.: The free-energy principle: a unified brain theory? Nat. Rev. Neurosci. 11, 127-138},
volume = {11},
journal = {Nature reviews. Neuroscience},
doi = {10.1038/nrn2787}
}
