@article {Lake1332,
        author = {Lake, Brenden M. and Salakhutdinov, Ruslan and Tenenbaum, Joshua B.},
        title = {Human-level concept learning through probabilistic program induction},
        volume = {350},
        number = {6266},
        pages = {1332--1338},
        year = {2015},
        doi = {10.1126/science.aab3050},
        publisher = {American Association for the Advancement of Science},
        issn = {0036-8075},
        URL = {https://science.sciencemag.org/content/350/6266/1332},
        eprint = {https://science.sciencemag.org/content/350/6266/1332.full.pdf},
        journal = {Science}
}

@article{McMahanMRA16,
  author    = {H. Brendan McMahan and
               Eider Moore and
               Daniel Ramage and
               Blaise Agüera y Arcas},
  title     = {Federated Learning of Deep Networks using Model Averaging},
  journal   = {CoRR},
  volume    = {abs/1602.05629},
  year      = {2016},
  url       = {http://arxiv.org/abs/1602.05629},
  archivePrefix = {arXiv},
  eprint    = {1602.05629},
  timestamp = {Mon, 13 Aug 2018 16:48:01 +0200},
  biburl    = {https://dblp.org/rec/journals/corr/McMahanMRA16.bib},
  bibsource = {dblp computer science bibliography, https://dblp.org}
}

@inproceedings{Dwork2006,
 author = {Dwork, Cynthia and McSherry, Frank and Nissim, Kobbi and Smith, Adam},
 title = {Calibrating Noise to Sensitivity in Private Data Analysis},
 booktitle = {Proceedings of the Third Conference on Theory of Cryptography},
 series = {TCC'06},
 year = {2006},
 isbn = {3-540-32731-2, 978-3-540-32731-8},
 location = {New York, NY},
 pages = {265--284},
 numpages = {20},
 url = {http://dx.doi.org/10.1007/11681878_14},
 doi = {10.1007/11681878_14},
 acmid = {2180305},
 publisher = {Springer-Verlag},
 address = {Berlin, Heidelberg},
} 

@INPROCEEDINGS{7536387,
  author={X. {Wu} and M. {Fredrikson} and S. {Jha} and J. F. {Naughton}},
  booktitle={2016 IEEE 29th Computer Security Foundations Symposium (CSF)}, 
  title={A Methodology for Formalizing Model-Inversion Attacks}, 
  year={2016},
  volume={},
  number={},
  pages={355-370},}
  
@inproceedings{Fred,
author = {Fredrikson, Matthew and Lantz, Eric and Jha, Somesh and Lin, Simon and Page, David and Ristenpart, Thomas},
title = {Privacy in Pharmacogenetics: An End-to-End Case Study of Personalized Warfarin Dosing},
year = {2014},
isbn = {9781931971157},
publisher = {USENIX Association},
address = {USA},
booktitle = {Proceedings of the 23rd USENIX Conference on Security Symposium},
pages = {17–32},
numpages = {16},
location = {San Diego, CA},
series = {SEC’14}
}


