@article{ZhaoSE17b,
  author    = {Shengjia Zhao and
               Jiaming Song and
               Stefano Ermon},
  title     = {InfoVAE: Information Maximizing Variational Autoencoders},
  journal   = {CoRR},
  volume    = {abs/1706.02262},
  year      = {2017},
  url       = {http://arxiv.org/abs/1706.02262},
  archivePrefix = {arXiv},
  eprint    = {1706.02262},
  timestamp = {Mon, 13 Aug 2018 16:46:40 +0200},
  biburl    = {https://dblp.org/rec/bib/journals/corr/ZhaoSE17b},
  bibsource = {dblp computer science bibliography, https://dblp.org}
}

@article{KingmaW13,
  author    = {Diederik P. Kingma and
    Max Welling},
  title     = {Auto-Encoding Variational Bayes},
  journal   = {CoRR},
  volume    = {abs/1312.6114},
  year      = {2013}
}

@article{TomczakW17,
  author    = {Jakub M. Tomczak and
    Max Welling},
  title     = {VAE with a VampPrior},
  journal   = {CoRR},
  volume    = {abs/1705.07120},
  year      = {2017}
}

@article{2016arXiv160605908D,
  author = {Doersch, C.},
  title = {Tutorial on Variational Autoencoders},
  journal = {ArXiv e-prints},
  archivePrefix = {arXiv},
  eprint = {1606.05908},
  primaryClass = {stat.ML},
  keywords = {Statistics - Machine Learning, Computer Science - Machine Learning},
  year = {2016},
  month = {jun}
}

@ARTICLE{2018arXiv180403599B,
  author = {Burgess, C.~P. and Higgins, I. and Pal, A. and Matthey, L. and 
    Watters, N. and Desjardins, G. and Lerchner, A.},
  title = {Understanding disentangling in beta-VAE},
  journal = {ArXiv e-prints},
  archivePrefix = {arXiv},
  eprint = {1804.03599},
  primaryClass = {stat.ML},
  keywords = {Statistics - Machine Learning, Computer Science - Artificial Intelligence, Computer Science - Machine Learning},
  year = {2018},
  month = {apr}
}


