@article {Leibig084210,
	author = {Leibig, Christian and Allken, Vaneeda and Seckin Ayhan, Murat and Berens, Philipp and Wahl, Siegfried},
	title = {Leveraging uncertainty information from deep neural networks for disease detection},
	year = {2017},
	doi = {10.1101/084210},
	publisher = {Cold Spring Harbor Laboratory},
	URL = {https://www.biorxiv.org/content/early/2017/10/18/084210},
	eprint = {https://www.biorxiv.org/content/early/2017/10/18/084210.full.pdf},
	journal = {bioRxiv}
}

@ARTICLE{2017arXiv170507832G,
   author = {Gal, Y. and Hron, J. and Kendall, A.},
    title = {Concrete Dropout},
  journal = {ArXiv e-prints},
archivePrefix = "arXiv",
   eprint = {1705.07832},
 primaryClass = "stat.ML",
 keywords = {Statistics - Machine Learning},
     year = 2017,
    month = may,
   adsurl = {http://adsabs.harvard.edu/abs/2017arXiv170507832G},
  adsnote = {Provided by the SAO/NASA Astrophysics Data System}
}

@inproceedings{GalG16,
  author    = {Yarin Gal and
               Zoubin Ghahramani},
  title     = {Dropout as a Bayesian Approximation: Representing Model Uncertainty
               in Deep Learning},
  booktitle = {Proceedings of the 33nd International Conference on Machine Learning,
               {ICML} 2016, New York City, NY, USA, June 19-24, 2016},
  pages     = {1050--1059},
  year      = {2016},
  crossref  = {DBLP:conf/icml/2016},
  url       = {http://jmlr.org/proceedings/papers/v48/gal16.html},
  timestamp = {Tue, 12 Jul 2016 21:51:16 +0200},
  biburl    = {https://dblp.org/rec/bib/conf/icml/GalG16},
  bibsource = {dblp computer science bibliography, https://dblp.org}
}

@incollection{NIPS2017_7141,
title = {What Uncertainties Do We Need in Bayesian Deep Learning for Computer Vision?},
author = {Kendall, Alex and Gal, Yarin},
booktitle = {Advances in Neural Information Processing Systems 30},
editor = {I. Guyon and U. V. Luxburg and S. Bengio and H. Wallach and R. Fergus and S. Vishwanathan and R. Garnett},
pages = {5574--5584},
year = {2017},
publisher = {Curran Associates, Inc.},
url = {http://papers.nips.cc/paper/7141-what-uncertainties-do-we-need-in-bayesian-deep-learning-for-computer-vision.pdf}
}

(http://archive.ics.uci.edu/ml/datasets/Combined+Cycle+Power+Plant)


