@misc{gilpin2020deep,
    title={Deep reconstruction of strange attractors from time series},
    author={William Gilpin},
    year={2020},
    eprint={2002.05909},
    archivePrefix={arXiv},
    primaryClass={cs.LG}
}

@article{PhysRevA.45.3403,
  title = {Determining embedding dimension for phase-space reconstruction using a geometrical construction},
  author = {Kennel, Matthew B. and Brown, Reggie and Abarbanel, Henry D. I.},
  journal = {Phys. Rev. A},
  volume = {45},
  issue = {6},
  pages = {3403--3411},
  numpages = {0},
  year = {1992},
  month = {Mar},
  publisher = {American Physical Society},
  doi = {10.1103/PhysRevA.45.3403},
  url = {https://link.aps.org/doi/10.1103/PhysRevA.45.3403}
}

@book{Gilbert,
    title={Linear Algebra and learning from data},
    author={Gilbert Strang},
    publisher={Wellesley Cambridge Press},
    year={2019}
}

@book{Strogatz,
    title={Nonlinear Dynamics and Chaos: With Applications to Physics, Biology, Chemistry, and Engineering},
    author={Steven Strogatz},
    publisher={Westview Press},
    year={2015}
}

@book{Kantz,
    title={Nonlinear time series analysis},
    author={Holger Kantz and Thomas Schreiber},
    publisher={Cambridge University Press},
    year={2004}
}

@article{embedology,
       author = {Sauer, Tim and Yorke, James A. and Casdagli, Martin},
        title = "{Embedology}",
      journal = {Journal of Statistical Physics},
     keywords = {Embedding, chaotic attractor, attractor reconstruction, probability one, prevalence, box-counting dimension, delay coordinates},
         year = 1991,
        month = nov,
       volume = {65},
       number = {3-4},
        pages = {579-616},
          doi = {10.1007/BF01053745},
       adsurl = {https://ui.adsabs.harvard.edu/abs/1991JSP....65..579S},
      adsnote = {Provided by the SAO/NASA Astrophysics Data System}
}




