@book{Petris-2009,
    title={Dynamic Linear Models with R},
    author={Giovanni Petris and sonia Petrone and Patrizia Campagnoli},
    publisher={Springer},
    year={2009}
}
@book{Murphy-2012,
    title={Machine Learning: A Probabilistic Perspective},
    author={Kevin Murphy},
    publisher={MIT Press},
    year={2012}
}
@book{Berndt-1991,
    title={The Practice of Econometrics},
    author={R. Berndt},
    publisher={Addison-Wesley},
    year={1991}
}
