@Inbook{Efraimidis2016,
author="Efraimidis, Pavlos
and Spirakis, Paul (Pavlos)",
editor="Kao, Ming-Yang",
title="Weighted Random Sampling",
bookTitle="Encyclopedia of Algorithms",
year="2016",
publisher="Springer New York",
address="New York, NY",
pages="2365--2367",
isbn="978-1-4939-2864-4",
doi="10.1007/978-1-4939-2864-4_478",
url="https://doi.org/10.1007/978-1-4939-2864-4_478"
}
@inproceedings{DBLP:conf/icml/KoolHW19,
  author    = {Wouter Kool and
               Herke van Hoof and
               Max Welling},
  editor    = {Kamalika Chaudhuri and
               Ruslan Salakhutdinov},
  title     = {Stochastic Beams and Where To Find Them: The Gumbel-Top-k Trick for
               Sampling Sequences Without Replacement},
  booktitle = {Proceedings of the 36th International Conference on Machine Learning,
               {ICML} 2019, 9-15 June 2019, Long Beach, California, {USA}},
  series    = {Proceedings of Machine Learning Research},
  volume    = {97},
  pages     = {3499--3508},
  publisher = {{PMLR}},
  year      = {2019},
  url       = {http://proceedings.mlr.press/v97/kool19a.html},
  timestamp = {Fri, 17 Apr 2020 14:12:04 +0200},
  biburl    = {https://dblp.org/rec/conf/icml/KoolHW19.bib},
  bibsource = {dblp computer science bibliography, https://dblp.org}
}
