@article{McMahanMRA16,
  author    = {H. Brendan McMahan and
               Eider Moore and
               Daniel Ramage and
               Blaise Ag√ºera y Arcas},
  title     = {Federated Learning of Deep Networks using Model Averaging},
  journal   = {CoRR},
  volume    = {abs/1602.05629},
  year      = {2016},
  url       = {http://arxiv.org/abs/1602.05629},
  archivePrefix = {arXiv},
  eprint    = {1602.05629},
  timestamp = {Mon, 13 Aug 2018 16:48:01 +0200},
  biburl    = {https://dblp.org/rec/journals/corr/McMahanMRA16.bib},
  bibsource = {dblp computer science bibliography, https://dblp.org}
}

@article{abs-1906-08935,
  author    = {Ligeng Zhu and
               Zhijian Liu and
               Song Han},
  title     = {Deep Leakage from Gradients},
  journal   = {CoRR},
  volume    = {abs/1906.08935},
  year      = {2019},
  url       = {http://arxiv.org/abs/1906.08935},
  archivePrefix = {arXiv},
  eprint    = {1906.08935},
  timestamp = {Mon, 24 Jun 2019 17:28:45 +0200},
  biburl    = {https://dblp.org/rec/journals/corr/abs-1906-08935.bib},
  bibsource = {dblp computer science bibliography, https://dblp.org}
}

@article{BonawitzIKMMPRS16,
  author    = {Keith Bonawitz and
               Vladimir Ivanov and
               Ben Kreuter and
               Antonio Marcedone and
               H. Brendan McMahan and
               Sarvar Patel and
               Daniel Ramage and
               Aaron Segal and
               Karn Seth},
  title     = {Practical Secure Aggregation for Federated Learning on User-Held Data},
  journal   = {CoRR},
  volume    = {abs/1611.04482},
  year      = {2016},
  url       = {http://arxiv.org/abs/1611.04482},
  archivePrefix = {arXiv},
  eprint    = {1611.04482},
  timestamp = {Mon, 13 Aug 2018 16:45:59 +0200},
  biburl    = {https://dblp.org/rec/journals/corr/BonawitzIKMMPRS16.bib},
  bibsource = {dblp computer science bibliography, https://dblp.org}
}

@article{abs-1710-06963,
  author    = {H. Brendan McMahan and
               Daniel Ramage and
               Kunal Talwar and
               Li Zhang},
  title     = {Learning Differentially Private Language Models Without Losing Accuracy},
  journal   = {CoRR},
  volume    = {abs/1710.06963},
  year      = {2017},
  url       = {http://arxiv.org/abs/1710.06963},
  archivePrefix = {arXiv},
  eprint    = {1710.06963},
  timestamp = {Mon, 13 Aug 2018 16:46:35 +0200},
  biburl    = {https://dblp.org/rec/journals/corr/abs-1710-06963.bib},
  bibsource = {dblp computer science bibliography, https://dblp.org}
}

@article{BlotPCT16,
  author    = {Michael Blot and
               David Picard and
               Matthieu Cord and
               Nicolas Thome},
  title     = {Gossip training for deep learning},
  journal   = {CoRR},
  volume    = {abs/1611.09726},
  year      = {2016},
  url       = {http://arxiv.org/abs/1611.09726},
  archivePrefix = {arXiv},
  eprint    = {1611.09726},
  timestamp = {Mon, 13 Aug 2018 16:47:21 +0200},
  biburl    = {https://dblp.org/rec/journals/corr/BlotPCT16.bib},
  bibsource = {dblp computer science bibliography, https://dblp.org}
}

@online{clanuwat2018deep,
  author       = {Tarin Clanuwat and Mikel Bober-Irizar and Asanobu Kitamoto and Alex Lamb and Kazuaki Yamamoto and David Ha},
  title        = {Deep Learning for Classical Japanese Literature},
  date         = {2018-12-03},
  year         = {2018},
  eprintclass  = {cs.CV},
  eprinttype   = {arXiv},
  eprint       = {cs.CV/1812.01718},
}