@misc{rasp2020purely,
    title={Purely data-driven medium-range weather forecasting achieves comparable skill to physical models at similar resolution},
    author={Stephan Rasp and Nils Thuerey},
    year={2020},
    eprint={2008.08626},
    archivePrefix={arXiv},
    primaryClass={physics.ao-ph}
}

@article{weyn,
author = {Weyn, Jonathan A. and Durran, Dale R. and Caruana, Rich},
title = {Improving data-driven global weather prediction using deep convolutional neural networks on a cubed sphere},
journal = {Journal of Advances in Modeling Earth Systems},
volume = {n/a},
number = {n/a},
pages = {e2020MS002109},
keywords = {machine learning, deep learning, numerical weather prediction, cubed sphere},
doi = {10.1029/2020MS002109},
url = {https://agupubs.onlinelibrary.wiley.com/doi/abs/10.1029/2020MS002109},
eprint = {https://agupubs.onlinelibrary.wiley.com/doi/pdf/10.1029/2020MS002109},
note = {e2020MS002109 2020MS002109},
abstract = {keypoints A convolutional neural net (CNN) is developed for global weather forecasts on the cubed sphere Our CNN produces skillful global forecasts of key atmospheric variables at lead times up to 7 days Our CNN computes stable one-year simulations of realistic atmospheric states in 3 seconds}
}

@ARTICLE{weatherbench,
       author = {{Rasp}, Stephan and {Dueben}, Peter D. and {Scher}, Sebastian and
         {Weyn}, Jonathan A. and {Mouatadid}, Soukayna and {Thuerey}, Nils},
        title = "{WeatherBench: A benchmark dataset for data-driven weather forecasting}",
      journal = {arXiv e-prints},
     keywords = {Physics - Atmospheric and Oceanic Physics, Statistics - Machine Learning},
         year = 2020,
        month = feb,
          eid = {arXiv:2002.00469},
        pages = {arXiv:2002.00469},
archivePrefix = {arXiv},
       eprint = {2002.00469},
 primaryClass = {physics.ao-ph},
       adsurl = {https://ui.adsabs.harvard.edu/abs/2020arXiv200200469R},
      adsnote = {Provided by the SAO/NASA Astrophysics Data System}
}
