@misc{gilpin2020deep,
    title={Deep reconstruction of strange attractors from time series},
    author={William Gilpin},
    year={2020},
    eprint={2002.05909},
    archivePrefix={arXiv},
    primaryClass={cs.LG}
}
