@article{XuBKCCSZB15,
  author    = {Kelvin Xu and
               Jimmy Ba and
               Ryan Kiros and
               Kyunghyun Cho and
               Aaron C. Courville and
               Ruslan Salakhutdinov and
               Richard S. Zemel and
               Yoshua Bengio},
  title     = {Show, Attend and Tell: Neural Image Caption Generation with Visual
               Attention},
  journal   = {CoRR},
  volume    = {abs/1502.03044},
  year      = {2015},
  url       = {http://arxiv.org/abs/1502.03044},
  archivePrefix = {arXiv},
  eprint    = {1502.03044},
  timestamp = {Mon, 13 Aug 2018 16:47:52 +0200},
  biburl    = {https://dblp.org/rec/bib/journals/corr/XuBKCCSZB15},
  bibsource = {dblp computer science bibliography, https://dblp.org}
}

@article{AndersonHBTJGZ17,
  author    = {Peter Anderson and
               Xiaodong He and
               Chris Buehler and
               Damien Teney and
               Mark Johnson and
               Stephen Gould and
               Lei Zhang},
  title     = {Bottom-Up and Top-Down Attention for Image Captioning and {VQA}},
  journal   = {CoRR},
  volume    = {abs/1707.07998},
  year      = {2017},
  url       = {http://arxiv.org/abs/1707.07998},
  archivePrefix = {arXiv},
  eprint    = {1707.07998},
  timestamp = {Mon, 13 Aug 2018 16:48:53 +0200},
  biburl    = {https://dblp.org/rec/bib/journals/corr/AndersonHBTJGZ17},
  bibsource = {dblp computer science bibliography, https://dblp.org}
}



@article{LiuSWWY17,
  author    = {Chang Liu and
               Fuchun Sun and
               Changhu Wang and
               Feng Wang and
               Alan L. Yuille},
  title     = {A Multimodal Attentive Translator for Image Captioning},
  journal   = {CoRR},
  volume    = {abs/1702.05658},
  year      = {2017},
  url       = {http://arxiv.org/abs/1702.05658},
  archivePrefix = {arXiv},
  eprint    = {1702.05658},
  timestamp = {Mon, 13 Aug 2018 16:48:11 +0200},
  biburl    = {https://dblp.org/rec/bib/journals/corr/LiuSWWY17},
  bibsource = {dblp computer science bibliography, https://dblp.org}
}

@article{Zhu2018,
  author    = {Zhihao Zhu and
               Zhan Xue and
               Zejian Yuan},
  title     = {A Topic-Guided Attention for Image Captioning},
  journal   = {CoRR},
  volume    = {abs/1807.03514v1},
  year      = {2018},
  url       = {https://arxiv.org/abs/1807.03514v1},
  archivePrefix = {arXiv},
  eprint    = {1807.03514v1},
  timestamp = {Mon, 13 Aug 2018 16:48:11 +0200}
}
