@ARTICLE{2018arXiv180309123K,
   author = {Krstovski, K. and Blei, D.M.},
    title = {Equation Embeddings},
  journal = {ArXiv e-prints},
archivePrefix = "arXiv",
   eprint = {1803.09123},
 primaryClass = "stat.ML",
 keywords = {Statistics - Machine Learning, Computer Science - Computation and Language, Computer Science - Machine Learning},
     year = 2018,
    month = mar,
   adsurl = {http://adsabs.harvard.edu/abs/2018arXiv180309123K},
  adsnote = {Provided by the SAO/NASA Astrophysics Data System}
}

@ARTICLE{2018arXiv180200864Z,
   author = {Zohra Smaili, F. and Gao, X. and Hoehndorf, R.},
    title = {Onto2Vec: joint vector-based representation of biological entities and their ontology-based annotations},
  journal = {ArXiv e-prints},
archivePrefix = "arXiv",
   eprint = {1802.00864},
 primaryClass = "q-bio.QM",
 keywords = {Quantitative Biology - Quantitative Methods, Computer Science - Artificial Intelligence},
     year = 2018,
    month = jan,
   adsurl = {http://adsabs.harvard.edu/abs/2018arXiv180200864Z},
  adsnote = {Provided by the SAO/NASA Astrophysics Data System}
}


@ARTICLE{2018arXiv180604795H,
   author = {Hallac, D. and Bhooshan, S. and Chen, M. and Abida, K. and 
	Sosic, R. and Leskovec, J.},
    title = {Drive2Vec: Multiscale State-Space Embedding of Vehicular Sensor Data},
  journal = {ArXiv e-prints},
archivePrefix = "arXiv",
   eprint = {1806.04795},
 keywords = {Computer Science - Machine Learning, Computer Science - Artificial Intelligence, Statistics - Machine Learning},
     year = 2018,
    month = jun,
   adsurl = {http://adsabs.harvard.edu/abs/2018arXiv180604795H},
  adsnote = {Provided by the SAO/NASA Astrophysics Data System}
}

@ARTICLE{2018arXiv180202896A,
   author = {Ahmed, N.K. and Rossi, R. and Boaz Lee, J. and Willke, T.L. and 
	Zhou, R. and Kong, X. and Eldardiry, H.},
    title = {Learning Role-based Graph Embeddings},
  journal = {ArXiv e-prints},
archivePrefix = "arXiv",
   eprint = {1802.02896},
 primaryClass = "stat.ML",
 keywords = {Statistics - Machine Learning, Computer Science - Artificial Intelligence, Computer Science - Social and Information Networks, Statistics - Applications},
     year = 2018,
    month = feb,
   adsurl = {http://adsabs.harvard.edu/abs/2018arXiv180202896A},
  adsnote = {Provided by the SAO/NASA Astrophysics Data System}
}

@article{abs-1805-02855,
  author    = {Neal Jean and
               Sherrie Wang and
               Anshul Samar and
               George Azzari and
               David B. Lobell and
               Stefano Ermon},
  title     = {Tile2Vec: Unsupervised representation learning for spatially distributed
               data},
  journal   = {CoRR},
  volume    = {abs/1805.02855},
  year      = {2018},
  url       = {http://arxiv.org/abs/1805.02855},
  archivePrefix = {arXiv},
  eprint    = {1805.02855},
  timestamp = {Mon, 13 Aug 2018 16:48:47 +0200},
  biburl    = {https://dblp.org/rec/bib/journals/corr/abs-1805-02855},
  bibsource = {dblp computer science bibliography, https://dblp.org}
}

@article{abs-1803-09473,
  author    = {Uri Alon and
               Meital Zilberstein and
               Omer Levy and
               Eran Yahav},
  title     = {code2vec: Learning Distributed Representations of Code},
  journal   = {CoRR},
  volume    = {abs/1803.09473},
  year      = {2018},
  url       = {http://arxiv.org/abs/1803.09473},
  archivePrefix = {arXiv},
  eprint    = {1803.09473},
  timestamp = {Mon, 13 Aug 2018 16:47:34 +0200},
  biburl    = {https://dblp.org/rec/bib/journals/corr/abs-1803-09473},
  bibsource = {dblp computer science bibliography, https://dblp.org}
}

@book{Rumelhart,
 editor = {Rumelhart, David E. and McClelland, James L. and PDP Research Group, CORPORATE},
 title = {Parallel Distributed Processing: Explorations in the Microstructure of Cognition, Vol. 2: Psychological and Biological Models},
 year = {1986},
 isbn = {0-262-13218-4},
 source = {softcover, \$21.95. Set: hardcover, \$75; softcover, \$39.95, ISBN 0-262-18123-1},
 publisher = {MIT Press},
 address = {Cambridge, MA, USA},
} 

@inproceedings{FromeCSBDRM13,
  author    = {Andrea Frome and
               Gregory S. Corrado and
               Jonathon Shlens and
               Samy Bengio and
               Jeffrey Dean and
               Marc'Aurelio Ranzato and
               Tomas Mikolov},
  title     = {DeViSE: A Deep Visual-Semantic Embedding Model},
  booktitle = {{NIPS}},
  pages     = {2121--2129},
  year      = {2013}
}

