@ARTICLE{dlenso,
       author = {Ham, Yoo-Geun and Kim, Jeong-Hwan and Luo, Jing-Jia},
        title = "{Deep learning for multi-year ENSO forecasts}",
      journal = {\nat},
         year = 2019,
        month = sep,
       volume = {573},
       number = {7775},
        pages = {568-572},
          doi = {10.1038/s41586-019-1559-7},
       adsurl = {https://ui.adsabs.harvard.edu/abs/2019Natur.573..568H},
      adsnote = {Provided by the SAO/NASA Astrophysics Data System}
}

@ARTICLE{2019Natur,
       author = {{Ham}, Yoo-Geun and {Kim}, Jeong-Hwan and {Luo}, Jing-Jia},
        title = "{Deep learning for multi-year ENSO forecasts}",
      journal = {\nat},
         year = 2019,
        month = sep,
       volume = {573},
       number = {7775},
        pages = {568-572},
          doi = {10.1038/s41586-019-1559-7},
       adsurl = {https://ui.adsabs.harvard.edu/abs/2019Natur.573..568H},
      adsnote = {Provided by the SAO/NASA Astrophysics Data System}
}


