@misc{arik2020tabnet,
  title={TabNet: Attentive Interpretable Tabular Learning}, 
  author={Sercan O. Arik and Tomas Pfister},
  year={2020},
  eprint={1908.07442},
  archivePrefix={arXiv},
  primaryClass={cs.LG}
}

@ARTICLE{higgs,
       author = {Baldi, P. and Sadowski, P. and Whiteson, D.},
        title = "{Searching for exotic particles in high-energy physics with deep learning}",
      journal = {Nature Communications},
     keywords = {High Energy Physics - Phenomenology, High Energy Physics - Experiment},
         year = 2014,
        month = jul,
       volume = {5},
          eid = {4308},
        pages = {4308},
          doi = {10.1038/ncomms5308},
archivePrefix = {arXiv},
       eprint = {1402.4735},
 primaryClass = {hep-ph},
       adsurl = {https://ui.adsabs.harvard.edu/abs/2014NatCo...5.4308B},
      adsnote = {Provided by the SAO/NASA Astrophysics Data System}
}

@article{wachter,
    author = {Wachter, Sandra and Mittelstadt, Brent and Floridi, Luciano},
    title = "{Why a Right to Explanation of Automated Decision-Making Does Not Exist in the General Data Protection Regulation}",
    journal = {International Data Privacy Law},
    volume = {7},
    number = {2},
    pages = {76-99},
    year = {2017},
    month = {06},
    issn = {2044-3994},
    doi = {10.1093/idpl/ipx005},
    url = {https://doi.org/10.1093/idpl/ipx005},
    eprint = {https://academic.oup.com/idpl/article-pdf/7/2/76/17932196/ipx005.pdf},
}

@misc{rudin2018stop,
    title={Stop Explaining Black Box Machine Learning Models for High Stakes Decisions and Use Interpretable Models Instead},
    author={Cynthia Rudin},
    year={2018},
    eprint={1811.10154},
    archivePrefix={arXiv},
    primaryClass={stat.ML}
}

