@article{abs-1906-08976,
  author    = {Tony Sun and
    Andrew Gaut and
    Shirlyn Tang and
    Yuxin Huang and
    Mai ElSherief and
    Jieyu Zhao and
    Diba Mirza and
    Elizabeth M. Belding and
    Kai-Wei Chang and
    William Yang Wang},
  title     = {Mitigating Gender Bias in Natural Language Processing: Literature
    Review},
  journal   = {CoRR},
  volume    = {abs/1906.08976},
  year      = {2019},
  url       = {http://arxiv.org/abs/1906.08976},
  archivePrefix = {arXiv},
  eprint    = {1906.08976},
  timestamp = {Mon, 24 Jun 2019 17:28:45 +0200},
  biburl    = {https://dblp.org/rec/bib/journals/corr/abs-1906-08976},
  bibsource = {dblp computer science bibliography, https://dblp.org}
}

@inproceedings{Radford2018ImprovingLU,
  title={Improving Language Understanding by Generative Pre-Training},
  author={Alec Radford},
  year={2018}
}

@article{radford2019language,
  title={Language Models are Unsupervised Multitask Learners},
  author={Radford, Alec and Wu, Jeff and Child, Rewon and Luan, David and Amodei, Dario and Sutskever, Ilya},
  year={2019}
}

@ARTICLE{2019arXiv190409751H,
       author = {Holtzman, Ari and Buys, Jan and Forbes, Maxwell and Choi, Yejin},
        title = "The Curious Case of Neural Text Degeneration",
      journal = {arXiv e-prints},
     keywords = {Computer Science - Computation and Language},
         year = "2019",
        month = "Apr",
          eid = {arXiv:1904.09751},
        pages = {arXiv:1904.09751},
archivePrefix = {arXiv},
       eprint = {1904.09751},
 primaryClass = {cs.CL},
       adsurl = {https://ui.adsabs.harvard.edu/abs/2019arXiv190409751H},
      adsnote = {Provided by the SAO/NASA Astrophysics Data System}
}

@incollection{grice1975logic,
  author = {Grice, H. P.},
  booktitle = {Syntax and Semantics: Vol. 3: Speech Acts},
  pages = {41-58},
  publisher = {Academic Press},
  title = {Logic and Conversation},
  url = {http://www.ucl.ac.uk/ls/studypacks/Grice-Logic.pdf},
  year = {1975}
}

@incollection{NIPS2017_7181,
title = {Attention is All you Need},
author = {Vaswani, Ashish and Shazeer, Noam and Parmar, Niki and Uszkoreit, Jakob and Jones, Llion and Gomez, Aidan N and Kaiser, Lukasz and Polosukhin, Illia},
booktitle = {Advances in Neural Information Processing Systems 30},
editor = {I. Guyon and U. V. Luxburg and S. Bengio and H. Wallach and R. Fergus and S. Vishwanathan and R. Garnett},
pages = {5998--6008},
year = {2017},
publisher = {Curran Associates, Inc.},
url = {http://papers.nips.cc/paper/7181-attention-is-all-you-need.pdf}
}

