@ARTICLE{2015arXiv150505770J,
       author = {Jimenez Rezende, Danilo and Mohamed, Shakir},
        title = {Variational Inference with Normalizing Flows},
      journal = {arXiv e-prints},
     keywords = {Statistics - Machine Learning, Computer Science - Artificial Intelligence, Computer Science - Machine Learning, Statistics - Computation, Statistics - Methodology},
         year = "2015",
        month = "May",
          eid = {arXiv:1505.05770},
        pages = {arXiv:1505.05770},
archivePrefix = {arXiv},
       eprint = {1505.05770},
 primaryClass = {stat.ML},
       adsurl = {https://ui.adsabs.harvard.edu/\#abs/2015arXiv150505770J},
      adsnote = {Provided by the SAO/NASA Astrophysics Data System}
}

