@article{abs-1711-00937,
  author    = {Aaron van den Oord and
               Oriol Vinyals and
               Koray Kavukcuoglu},
  title     = {Neural Discrete Representation Learning},
  journal   = {CoRR},
  volume    = {abs/1711.00937},
  year      = {2017},
  url       = {http://arxiv.org/abs/1711.00937},
  archivePrefix = {arXiv},
  eprint    = {1711.00937},
  timestamp = {Mon, 13 Aug 2018 16:48:11 +0200},
  biburl    = {https://dblp.org/rec/bib/journals/corr/abs-1711-00937},
  bibsource = {dblp computer science bibliography, https://dblp.org}
}

@online{clanuwat2018deep,
  author       = {Tarin Clanuwat and Mikel Bober-Irizar and Asanobu Kitamoto and Alex Lamb and Kazuaki Yamamoto and David Ha},
  title        = {Deep Learning for Classical Japanese Literature},
  date         = {2018-12-03},
  year         = {2018},
  eprintclass  = {cs.CV},
  eprinttype   = {arXiv},
  eprint       = {cs.CV/1812.01718},
}
