@ARTICLE{2017arXiv170507057P,
       author = {Papamakarios, George and Pavlakou, Theo and Murray, Iain},
        title = "Masked Autoregressive Flow for Density Estimation",
      journal = {arXiv e-prints},
     keywords = {Statistics - Machine Learning, Computer Science - Machine Learning},
         year = "2017",
        month = "May",
          eid = {arXiv:1705.07057},
        pages = {arXiv:1705.07057},
archivePrefix = {arXiv},
       eprint = {1705.07057},
 primaryClass = {stat.ML},
       adsurl = {https://ui.adsabs.harvard.edu/abs/2017arXiv170507057P},
      adsnote = {Provided by the SAO/NASA Astrophysics Data System}
}

@article{OordKVEGK16,
  author    = {Aaron van den Oord and
               Nal Kalchbrenner and
               Oriol Vinyals and
               Lasse Espeholt and
               Alex Graves and
               Koray Kavukcuoglu},
  title     = {Conditional Image Generation with PixelCNN Decoders},
  journal   = {CoRR},
  volume    = {abs/1606.05328},
  year      = {2016},
  url       = {http://arxiv.org/abs/1606.05328},
  archivePrefix = {arXiv},
  eprint    = {1606.05328},
  timestamp = {Mon, 13 Aug 2018 16:46:40 +0200},
  biburl    = {https://dblp.org/rec/bib/journals/corr/OordKVEGK16},
  bibsource = {dblp computer science bibliography, https://dblp.org}
}

@article{OordKK16,
  author    = {Aaron van den Oord and
               Nal Kalchbrenner and
               Koray Kavukcuoglu},
  title     = {Pixel Recurrent Neural Networks},
  journal   = {CoRR},
  volume    = {abs/1601.06759},
  year      = {2016},
  url       = {http://arxiv.org/abs/1601.06759},
  archivePrefix = {arXiv},
  eprint    = {1601.06759},
  timestamp = {Mon, 13 Aug 2018 16:46:29 +0200},
  biburl    = {https://dblp.org/rec/bib/journals/corr/OordKK16},
  bibsource = {dblp computer science bibliography, https://dblp.org}
}


@article{DinhSB16,
  author    = {Laurent Dinh and
               Jascha Sohl{-}Dickstein and
               Samy Bengio},
  title     = {Density estimation using Real NVP},
  journal   = {CoRR},
  volume    = {abs/1605.08803},
  year      = {2016},
  url       = {http://arxiv.org/abs/1605.08803},
  archivePrefix = {arXiv},
  eprint    = {1605.08803},
  timestamp = {Mon, 13 Aug 2018 16:47:21 +0200},
  biburl    = {https://dblp.org/rec/bib/journals/corr/DinhSB16},
  bibsource = {dblp computer science bibliography, https://dblp.org}
}

@article{SalimansKCK17,
  author    = {Tim Salimans and
               Andrej Karpathy and
               Xi Chen and
               Diederik P. Kingma},
  title     = {PixelCNN++: Improving the PixelCNN with Discretized Logistic Mixture
               Likelihood and Other Modifications},
  journal   = {CoRR},
  volume    = {abs/1701.05517},
  year      = {2017},
  url       = {http://arxiv.org/abs/1701.05517},
  archivePrefix = {arXiv},
  eprint    = {1701.05517},
  timestamp = {Sun, 16 Sep 2018 14:17:04 +0200},
  biburl    = {https://dblp.org/rec/bib/journals/corr/SalimansKCK17},
  bibsource = {dblp computer science bibliography, https://dblp.org}
}

@article{abs-1712-09763,
  author    = {Xi Chen and
               Nikhil Mishra and
               Mostafa Rohaninejad and
               Pieter Abbeel},
  title     = {PixelSNAIL: An Improved Autoregressive Generative Model},
  journal   = {CoRR},
  volume    = {abs/1712.09763},
  year      = {2017},
  url       = {http://arxiv.org/abs/1712.09763},
  archivePrefix = {arXiv},
  eprint    = {1712.09763},
  timestamp = {Mon, 03 Sep 2018 12:15:29 +0200},
  biburl    = {https://dblp.org/rec/bib/journals/corr/abs-1712-09763},
  bibsource = {dblp computer science bibliography, https://dblp.org}
}

@article{abs-1802-05751,
  author    = {Niki Parmar and
               Ashish Vaswani and
               Jakob Uszkoreit and
               Lukasz Kaiser and
               Noam Shazeer and
               Alexander Ku},
  title     = {Image Transformer},
  journal   = {CoRR},
  volume    = {abs/1802.05751},
  year      = {2018},
  url       = {http://arxiv.org/abs/1802.05751},
  archivePrefix = {arXiv},
  eprint    = {1802.05751},
  timestamp = {Mon, 13 Aug 2018 16:48:00 +0200},
  biburl    = {https://dblp.org/rec/bib/journals/corr/abs-1802-05751},
  bibsource = {dblp computer science bibliography, https://dblp.org}
}

@article{KalchbrennerOSD16,
  author    = {Nal Kalchbrenner and
               Aaron van den Oord and
               Karen Simonyan and
               Ivo Danihelka and
               Oriol Vinyals and
               Alex Graves and
               Koray Kavukcuoglu},
  title     = {Video Pixel Networks},
  journal   = {CoRR},
  volume    = {abs/1610.00527},
  year      = {2016},
  url       = {http://arxiv.org/abs/1610.00527},
  archivePrefix = {arXiv},
  eprint    = {1610.00527},
  timestamp = {Mon, 13 Aug 2018 16:48:11 +0200},
  biburl    = {https://dblp.org/rec/bib/journals/corr/KalchbrennerOSD16},
  bibsource = {dblp computer science bibliography, https://dblp.org}
}

@article{GermainGML15,
  author    = {Mathieu Germain and
               Karol Gregor and
               Iain Murray and
               Hugo Larochelle},
  title     = {MADE: Masked Autoencoder for Distribution Estimation},
  journal   = {CoRR},
  volume    = {abs/1502.03509},
  year      = {2015},
  url       = {http://arxiv.org/abs/1502.03509},
  archivePrefix = {arXiv},
  eprint    = {1502.03509},
  timestamp = {Mon, 13 Aug 2018 16:46:39 +0200},
  biburl    = {https://dblp.org/rec/bib/journals/corr/GermainGML15},
  bibsource = {dblp computer science bibliography, https://dblp.org}
}
