@article{LuongPM15,
  author    = {Minh{-}Thang Luong and
               Hieu Pham and
               Christopher D. Manning},
  title     = {Effective Approaches to Attention-based Neural Machine Translation},
  journal   = {CoRR},
  volume    = {abs/1508.04025},
  year      = {2015},
  url       = {http://arxiv.org/abs/1508.04025},
  archivePrefix = {arXiv},
  eprint    = {1508.04025},
  timestamp = {Wed, 07 Jun 2017 14:41:36 +0200},
  biburl    = {https://dblp.org/rec/bib/journals/corr/LuongPM15},
  bibsource = {dblp computer science bibliography, https://dblp.org}
}

@article{BritzGLL17,
  author    = {Denny Britz and
               Anna Goldie and
               Minh{-}Thang Luong and
               Quoc V. Le},
  title     = {Massive Exploration of Neural Machine Translation Architectures},
  journal   = {CoRR},
  volume    = {abs/1703.03906},
  year      = {2017},
  url       = {http://arxiv.org/abs/1703.03906},
  archivePrefix = {arXiv},
  eprint    = {1703.03906},
  timestamp = {Wed, 07 Jun 2017 14:41:30 +0200},
  biburl    = {https://dblp.org/rec/bib/journals/corr/BritzGLL17},
  bibsource = {dblp computer science bibliography, https://dblp.org}
}

@article{VinyalsKKPSH14,
  author    = {Oriol Vinyals and
               Lukasz Kaiser and
               Terry Koo and
               Slav Petrov and
               Ilya Sutskever and
               Geoffrey E. Hinton},
  title     = {Grammar as a Foreign Language},
  journal   = {CoRR},
  volume    = {abs/1412.7449},
  year      = {2014},
  url       = {http://arxiv.org/abs/1412.7449},
  archivePrefix = {arXiv},
  eprint    = {1412.7449},
  timestamp = {Wed, 07 Jun 2017 14:40:10 +0200},
  biburl    = {https://dblp.org/rec/bib/journals/corr/VinyalsKKPSH14},
  bibsource = {dblp computer science bibliography, https://dblp.org}
}

@article{XuBKCCSZB15,
  author    = {Kelvin Xu and
               Jimmy Ba and
               Ryan Kiros and
               Kyunghyun Cho and
               Aaron C. Courville and
               Ruslan Salakhutdinov and
               Richard S. Zemel and
               Yoshua Bengio},
  title     = {Show, Attend and Tell: Neural Image Caption Generation with Visual
               Attention},
  journal   = {CoRR},
  volume    = {abs/1502.03044},
  year      = {2015},
  url       = {http://arxiv.org/abs/1502.03044},
  archivePrefix = {arXiv},
  eprint    = {1502.03044},
  timestamp = {Wed, 07 Jun 2017 14:43:05 +0200},
  biburl    = {https://dblp.org/rec/bib/journals/corr/XuBKCCSZB15},
  bibsource = {dblp computer science bibliography, https://dblp.org}
}

@article{BahdanauCB14,
  author    = {Dzmitry Bahdanau and
               Kyunghyun Cho and
               Yoshua Bengio},
  title     = {Neural Machine Translation by Jointly Learning to Align and Translate},
  journal   = {CoRR},
  volume    = {abs/1409.0473},
  year      = {2014},
  url       = {http://arxiv.org/abs/1409.0473},
  archivePrefix = {arXiv},
  eprint    = {1409.0473},
  timestamp = {Wed, 07 Jun 2017 14:40:19 +0200},
  biburl    = {https://dblp.org/rec/bib/journals/corr/BahdanauCB14},
  bibsource = {dblp computer science bibliography, https://dblp.org}
}


