@article{OordKK16,
  author    = {Aaron van den Oord and
               Nal Kalchbrenner and
               Koray Kavukcuoglu},
  title     = {Pixel Recurrent Neural Networks},
  journal   = {CoRR},
  volume    = {abs/1601.06759},
  year      = {2016},
  url       = {http://arxiv.org/abs/1601.06759},
  archivePrefix = {arXiv},
  eprint    = {1601.06759},
  timestamp = {Mon, 13 Aug 2018 16:46:29 +0200},
  biburl    = {https://dblp.org/rec/journals/corr/OordKK16.bib},
  bibsource = {dblp computer science bibliography, https://dblp.org}
}

@article{OordKVEGK16,
  author    = {Aaron van den Oord and
               Nal Kalchbrenner and
               Oriol Vinyals and
               Lasse Espeholt and
               Alex Graves and
               Koray Kavukcuoglu},
  title     = {Conditional Image Generation with PixelCNN Decoders},
  journal   = {CoRR},
  volume    = {abs/1606.05328},
  year      = {2016},
  url       = {http://arxiv.org/abs/1606.05328},
  archivePrefix = {arXiv},
  eprint    = {1606.05328},
  timestamp = {Mon, 13 Aug 2018 16:46:40 +0200},
  biburl    = {https://dblp.org/rec/journals/corr/OordKVEGK16.bib},
  bibsource = {dblp computer science bibliography, https://dblp.org}
}

@inproceedings{Salimans2017PixeCNN,
  title={PixelCNN++: A PixelCNN Implementation with Discretized Logistic Mixture Likelihood and Other Modifications},
  author={Tim Salimans and Andrej Karpathy and Xi Chen and Diederik P. Kingma},
  booktitle={ICLR},
  year={2017}
}
