@article{VinyalsKKPSH14,
  author    = {Oriol Vinyals and
               Lukasz Kaiser and
               Terry Koo and
               Slav Petrov and
               Ilya Sutskever and
               Geoffrey E. Hinton},
  title     = {Grammar as a Foreign Language},
  journal   = {CoRR},
  volume    = {abs/1412.7449},
  year      = {2014},
  url       = {http://arxiv.org/abs/1412.7449},
  archivePrefix = {arXiv},
  eprint    = {1412.7449},
  timestamp = {Wed, 07 Jun 2017 14:40:10 +0200},
  biburl    = {https://dblp.org/rec/bib/journals/corr/VinyalsKKPSH14},
  bibsource = {dblp computer science bibliography, https://dblp.org}
}

@article{XuBKCCSZB15,
  author    = {Kelvin Xu and
               Jimmy Ba and
               Ryan Kiros and
               Kyunghyun Cho and
               Aaron C. Courville and
               Ruslan Salakhutdinov and
               Richard S. Zemel and
               Yoshua Bengio},
  title     = {Show, Attend and Tell: Neural Image Caption Generation with Visual
               Attention},
  journal   = {CoRR},
  volume    = {abs/1502.03044},
  year      = {2015},
  url       = {http://arxiv.org/abs/1502.03044},
  archivePrefix = {arXiv},
  eprint    = {1502.03044},
  timestamp = {Wed, 07 Jun 2017 14:43:05 +0200},
  biburl    = {https://dblp.org/rec/bib/journals/corr/XuBKCCSZB15},
  bibsource = {dblp computer science bibliography, https://dblp.org}
}

@article{BahdanauCB14,
  author    = {Dzmitry Bahdanau and
               Kyunghyun Cho and
               Yoshua Bengio},
  title     = {Neural Machine Translation by Jointly Learning to Align and Translate},
  journal   = {CoRR},
  volume    = {abs/1409.0473},
  year      = {2014},
  url       = {http://arxiv.org/abs/1409.0473},
  archivePrefix = {arXiv},
  eprint    = {1409.0473},
  timestamp = {Wed, 07 Jun 2017 14:40:19 +0200},
  biburl    = {https://dblp.org/rec/bib/journals/corr/BahdanauCB14},
  bibsource = {dblp computer science bibliography, https://dblp.org}
}


@ARTICLE{2021arXiv210303404D,
       author = {{Dong}, Yihe and {Cordonnier}, Jean-Baptiste and {Loukas}, Andreas},
        title = "{Attention is Not All You Need: Pure Attention Loses Rank Doubly Exponentially with Depth}",
      journal = {arXiv e-prints},
     keywords = {Computer Science - Machine Learning},
         year = 2021,
        month = mar,
          eid = {arXiv:2103.03404},
        pages = {arXiv:2103.03404},
archivePrefix = {arXiv},
       eprint = {2103.03404},
 primaryClass = {cs.LG},
       adsurl = {https://ui.adsabs.harvard.edu/abs/2021arXiv210303404D},
      adsnote = {Provided by the SAO/NASA Astrophysics Data System}
}

@ARTICLE{2017arXiv170603762V,
       author = {{Vaswani}, Ashish and {Shazeer}, Noam and {Parmar}, Niki and {Uszkoreit}, Jakob and {Jones}, Llion and {Gomez}, Aidan N. and {Kaiser}, Lukasz and {Polosukhin}, Illia},
        title = "{Attention Is All You Need}",
      journal = {arXiv e-prints},
     keywords = {Computer Science - Computation and Language, Computer Science - Machine Learning},
         year = 2017,
        month = jun,
          eid = {arXiv:1706.03762},
        pages = {arXiv:1706.03762},
archivePrefix = {arXiv},
       eprint = {1706.03762},
 primaryClass = {cs.CL},
       adsurl = {https://ui.adsabs.harvard.edu/abs/2017arXiv170603762V},
      adsnote = {Provided by the SAO/NASA Astrophysics Data System}
}

