@book{Dennett,
    title={From bacteria to Bach and back},
    author={Daniel C. Dennett},
    publisher={Penguin Books},
    year={2017}
}

@book{Blackmore,
    title={Consciousness. An introduction},
    author={Susan Blackmore and Emily Troscianko},
    publisher={Routledge},
    year={2018}
}


@article{Jordan2019Artificial,
journal = {Harvard Data Science Review},
doi = {10.1162/99608f92.f06c6e61},
number = {1},
note = {https://hdsr.mitpress.mit.edu/pub/wot7mkc1},
title = {Artificial Intelligence—The Revolution Hasn’t Happened Yet},
url = {https://hdsr.mitpress.mit.edu/pub/wot7mkc1},
volume = {1},
author = {Jordan, Michael I.},
date = {2019-06-23},
year = {2019},
month = {6},
day = {23},
}


@article{Jordan2019Dr,
journal = {Harvard Data Science Review},
doi = {10.1162/99608f92.b9006d09},
number = {1},
note = {https://hdsr.mitpress.mit.edu/pub/2imtstfu},
title = {Dr. AI or: How I Learned to Stop Worrying and Love Economics},
url = {https://hdsr.mitpress.mit.edu/pub/2imtstfu},
volume = {1},
author = {Jordan, Michael I.},
date = {2019-06-23},
year = {2019},
month = {6},
day = {23},
}

