@ARTICLE{2012arXiv1206.1901N,
       author = {Neal, Radford M.},
        title = "{MCMC using Hamiltonian dynamics}",
      journal = {arXiv e-prints},
     keywords = {Statistics - Computation, Physics - Computational Physics},
         year = "2012",
        month = "Jun",
          eid = {arXiv:1206.1901},
        pages = {arXiv:1206.1901},
archivePrefix = {arXiv},
       eprint = {1206.1901},
 primaryClass = {stat.CO},
       adsurl = {https://ui.adsabs.harvard.edu/abs/2012arXiv1206.1901N},
      adsnote = {Provided by the SAO/NASA Astrophysics Data System}
}
@ARTICLE{2017arXiv170102434B,
       author = {Betancourt, Michael},
        title = "{A Conceptual Introduction to Hamiltonian Monte Carlo}",
      journal = {arXiv e-prints},
     keywords = {Statistics - Methodology},
         year = "2017",
        month = "Jan",
          eid = {arXiv:1701.02434},
        pages = {arXiv:1701.02434},
archivePrefix = {arXiv},
       eprint = {1701.02434},
 primaryClass = {stat.ME},
       adsurl = {https://ui.adsabs.harvard.edu/abs/2017arXiv170102434B},
      adsnote = {Provided by the SAO/NASA Astrophysics Data System}
}

@article{Blei_2017,
   title={Variational Inference: A Review for Statisticians},
   volume={112},
   ISSN={1537-274X},
   url={http://dx.doi.org/10.1080/01621459.2017.1285773},
   DOI={10.1080/01621459.2017.1285773},
   number={518},
   journal={Journal of the American Statistical Association},
   publisher={Informa UK Limited},
   author={Blei, David M. and Kucukelbir, Alp and McAuliffe, Jon D.},
   year={2017},
   month={Feb},
   pages={859â€“877}
}

@book{MacKay:2002:ITI:971143,
 author = {MacKay, David J. C.},
 title = {Information Theory, Inference & Learning Algorithms},
 year = {2002},
 isbn = {0521642981},
 publisher = {Cambridge University Press},
 address = {New York, NY, USA},
} 

@book{statrethinkingbook,
  author = {McElreath, Richard},
  Publisher = {CRC Press},
  Title = {Statistical Rethinking: A Bayesian Course with Examples in R and Stan},
  Year = {2016},
  URL = {http://xcelab.net/rm/statistical-rethinking/}
}

@book{Kruschke:2010:DBD:1951940,
 author = {Kruschke, John K.},
 title = {Doing Bayesian Data Analysis: A Tutorial with R and BUGS},
 year = {2010},
 isbn = {0123814855, 9780123814852},
 edition = {1st},
 publisher = {Academic Press, Inc.},
 address = {Orlando, FL, USA},
} 

@misc{hoffman2011nouturn,
    title={The No-U-Turn Sampler: Adaptively Setting Path Lengths in Hamiltonian Monte Carlo},
    author={Matthew D. Hoffman and Andrew Gelman},
    year={2011},
    eprint={1111.4246},
    archivePrefix={arXiv},
    primaryClass={stat.CO}
}


