@inproceedings{yan2003optimizing,
  title={Optimizing classifier performance via an approximation to the Wilcoxon-Mann-Whitney statistic},
  author={Yan, Lian and Dodier, Robert H and Mozer, Michael and Wolniewicz, Richard H},
  booktitle={Proceedings of the 20th International Conference on Machine Learning (ICML-03)},
  pages={848--855},
  year={2003}
}
