@article{Yeh,
author = {Yeh, I-Cheng},
year = {1998},
month = {12},
pages = {1797-1808},
title = {Modeling of Strength of High-Performance Concrete Using Artificial Neural Networks},
volume = {28},
journal = {Cement and Concrete Research},
doi = {10.1016/S0008-8846(98)00165-3}
}

@book{Rasmussen,
 author = {Rasmussen, Carl Edward and Williams, Christopher K. I.},
 title = {Gaussian Processes for Machine Learning (Adaptive Computation and Machine Learning)},
 year = {2005},
 isbn = {026218253X},
 publisher = {The MIT Press},
} 

@article{breiman2001,
author = "Breiman, Leo",
doi = "10.1214/ss/1009213726",
fjournal = "Statistical Science",
journal = "Statist. Sci.",
month = "08",
number = "3",
pages = "199--231",
publisher = "The Institute of Mathematical Statistics",
title = "Statistical Modeling: The Two Cultures (with comments and a rejoinder by the author)",
url = "https://doi.org/10.1214/ss/1009213726",
volume = "16",
year = "2001"
}

@book{MacKay,
 author = {MacKay, David J. C.},
 title = {Information Theory, Inference & Learning Algorithms},
 year = {2002},
 isbn = {0521642981},
 publisher = {Cambridge University Press},
 address = {New York, NY, USA},
}



@InProceedings{titsias09a,
  title = 	 {Variational Learning of Inducing Variables in Sparse Gaussian Processes},
  author = 	 {Michalis Titsias},
  booktitle = 	 {Proceedings of the Twelth International Conference on Artificial Intelligence and Statistics},
  pages = 	 {567--574},
  year = 	 {2009},
  editor = 	 {David van Dyk and Max Welling},
  volume = 	 {5},
  series = 	 {Proceedings of Machine Learning Research},
  address = 	 {Hilton Clearwater Beach Resort, Clearwater Beach, Florida USA},
  month = 	 {16--18 Apr},
  publisher = 	 {PMLR},
  pdf = 	 {http://proceedings.mlr.press/v5/titsias09a/titsias09a.pdf},
  url = 	 {http://proceedings.mlr.press/v5/titsias09a.html},
}

@article{HensmanFL13,
  author    = {James Hensman and
               Nicolo Fusi and
               Neil D. Lawrence},
  title     = {Gaussian Processes for Big Data},
  journal   = {CoRR},
  volume    = {abs/1309.6835},
  year      = {2013},
  url       = {http://arxiv.org/abs/1309.6835},
  archivePrefix = {arXiv},
  eprint    = {1309.6835},
  timestamp = {Mon, 13 Aug 2018 16:48:28 +0200},
  biburl    = {https://dblp.org/rec/bib/journals/corr/HensmanFL13},
  bibsource = {dblp computer science bibliography, https://dblp.org}
}


@book{Neal,
 author = {Neal, Radford M.},
 title = {Bayesian Learning for Neural Networks},
 year = {1996},
 isbn = {0387947248},
 publisher = {Springer-Verlag},
 address = {Berlin, Heidelberg},
} 
