@book{Goodfellow-et-al-2016,
    title={Deep Learning},
    author={Ian Goodfellow and Yoshua Bengio and Aaron Courville},
    publisher={MIT Press},
    note={\url{http://www.deeplearningbook.org}},
    year={2016}
}
@book{Murphy-2012,
    title={Machine Learning: A Probabilistic Perspective},
    author={Kevin Murphy},
    publisher={MIT Press},
    year={2012}
}
