@article{abs-1708-07120,
  author    = {Leslie N. Smith and
               Nicholay Topin},
  title     = {Super-Convergence: Very Fast Training of Residual Networks Using Large
               Learning Rates},
  journal   = {CoRR},
  volume    = {abs/1708.07120},
  year      = {2017},
  url       = {http://arxiv.org/abs/1708.07120},
  archivePrefix = {arXiv},
  eprint    = {1708.07120},
  timestamp = {Mon, 13 Aug 2018 16:48:13 +0200},
  biburl    = {https://dblp.org/rec/journals/corr/abs-1708-07120.bib},
  bibsource = {dblp computer science bibliography, https://dblp.org}
}

@article{HeZRS15,
  author    = {Kaiming He and
               Xiangyu Zhang and
               Shaoqing Ren and
               Jian Sun},
  title     = {Deep Residual Learning for Image Recognition},
  journal   = {CoRR},
  volume    = {abs/1512.03385},
  year      = {2015},
  url       = {http://arxiv.org/abs/1512.03385},
  archivePrefix = {arXiv},
  eprint    = {1512.03385},
  timestamp = {Wed, 17 Apr 2019 17:23:45 +0200},
  biburl    = {https://dblp.org/rec/journals/corr/HeZRS15.bib},
  bibsource = {dblp computer science bibliography, https://dblp.org}
}

@article{Smith15a,
  author    = {Leslie N. Smith},
  title     = {No More Pesky Learning Rate Guessing Games},
  journal   = {CoRR},
  volume    = {abs/1506.01186},
  year      = {2015},
  url       = {http://arxiv.org/abs/1506.01186},
  archivePrefix = {arXiv},
  eprint    = {1506.01186},
  timestamp = {Mon, 13 Aug 2018 16:47:53 +0200},
  biburl    = {https://dblp.org/rec/journals/corr/Smith15a.bib},
  bibsource = {dblp computer science bibliography, https://dblp.org}
}


@article{LoshchilovH16a,
  author    = {Ilya Loshchilov and
               Frank Hutter},
  title     = {{SGDR:} Stochastic Gradient Descent with Restarts},
  journal   = {CoRR},
  volume    = {abs/1608.03983},
  year      = {2016},
  url       = {http://arxiv.org/abs/1608.03983},
  archivePrefix = {arXiv},
  eprint    = {1608.03983},
  timestamp = {Mon, 13 Aug 2018 16:48:29 +0200},
  biburl    = {https://dblp.org/rec/journals/corr/LoshchilovH16a.bib},
  bibsource = {dblp computer science bibliography, https://dblp.org}
}
