@article{Reyes-Ortiz,
 author = {Reyes-Ortiz, Jorge-L. and Oneto, Luca and Sam\`{a}, Albert and Parra, Xavier and Anguita, Davide},
 title = {Transition-Aware Human Activity Recognition Using Smartphones},
 journal = {Neurocomput.},
 issue_date = {January 2016},
 volume = {171},
 number = {C},
 month = jan,
 year = {2016},
 issn = {0925-2312},
 pages = {754--767},
 numpages = {14},
 url = {https://doi.org/10.1016/j.neucom.2015.07.085},
 doi = {10.1016/j.neucom.2015.07.085},
 acmid = {2839959},
 publisher = {Elsevier Science Publishers B. V.},
 address = {Amsterdam, The Netherlands, The Netherlands},
 keywords = {Activity Recognition, Machine learning, Smartphones, Support Vector Machines, Transitions},
} 